% Encoding: UTF-8

@Online{Sacolick2024,
  author = {Sacolick, I.},
  date   = {2024-04-01},
  title  = {What is CI/CD? Continuous integration and continuous delivery explained},
  url    = {https://www.infoworld.com/article/3271126/what-is-cicd-continuous-integration-and-continuous-delivery-explained.html},
}

@Online{Hat2023,
  author = {Red Hat},
  date   = {2023-12-12},
  title  = {What is CI/CD?},
  url    = {https://www.redhat.com/en/topics/devops/what-is-ci-cd},
}

@Online{Synopsys,
  author = {Synopsys},
  title  = {What are CI/CD tools?},
  url    = {https://www.synopsys.com/glossary/what-is-cicd-tools.html},
}

@Online{Corewave2023,
  author = {Corewave},
  date   = {2023-09-15},
  title  = {Sustainable Development: Incorporating eco-friendly practices and sustainability into software and app development.},
  url    = {https://www.linkedin.com/pulse/sustainable-development-incorporating-eco-friendly-practices/?trk=article-ssr-frontend-pulse_more-articles_related-content-card},
}

@Online{Krivec2023,
  author = {Krivec, R.},
  date   = {2023-10-30},
  title  = {Colorlib content is free. When you buy through links on our site, we may earn an affiliate commission. Learn MoreCloud Computing Statistics (How Many Companies Use Cloud Computing?)},
  url    = {https://colorlib.com/wp/cloud-computing-statistics/},
}

@Online{Zudu2024,
  author = {Zudu},
  date   = {2024-01-19},
  title  = {Green app development: how to create an app more sustainably},
  url    = {https://zudu.co.uk/blog/green-app-development-how-to-create-an-app-more-sustainably/#:~:text=Use sustainable services,reach a greener future sooner.},
}

@Online{Pichai2020,
  author = {Pichai, S.},
  date   = {2020-09-14},
  title  = {Our third decade of climate action: Realizing a carbon-free future},
  url    = {https://blog.google/outreach-initiatives/sustainability/our-third-decade-climate-action-realizing-carbon-free-future/#:~:text=As of today, we have,carbon footprint is now zero.},
}

@Online{PetersonCorio2022,
  author = {Peterson Corio, A.},
  date   = {2022-06-23},
  title  = {Five years of 100% renewable energy â€“ and a look ahead to a 24/7 carbon-free future},
  url    = {https://cloud.google.com/blog/topics/sustainability/5-years-of-100-percent-renewable-energy},
}

@Online{packt,
  author = {packt},
  title  = {Understanding build agents},
  url    = {https://subscription.packtpub.com/book/cloud-and-networking/9781800563513/6/ch06lvl1sec32/understanding-build-agents},
}

@Online{Keiholz2023,
  author = {Keiholz, E.},
  date   = {2023-02-23},
  title  = {Creating custom VM Images for Azure DevOps Scale Set Agents},
  url    = {https://hexmaster.nl/posts/create-custom-vm-images-for-azure-devops/},
}

@Online{Germain2017,
  author = {Germain, Jack, M.},
  date   = {2017-03-07},
  title  = {Migrating to Linux From Windows Makes for Good Business},
  url    = {https://medium.com/linode-cube/migrating-to-linux-from-windows-makes-for-good-business-d44888af3cec},
}

@Online{Singh2023,
  author = {Singh, M.},
  date   = {2023-05-01},
  title  = {Why choose Linux over Windows?},
  url    = {https://www.linkedin.com/pulse/why-choose-linux-over-windows-mayank-singh/},
}

@Online{King2019,
  author  = {King, Tre},
  date    = {2019-04-17},
  title   = {CI/CD: State-of-the-Art},
  url     = {https://www.linkedin.com/pulse/cicd-state-of-the-art-tre-king/},
  urldate = {2016-09-01},
}

@Online{Dahunsi2023,
  author = {Dahunsi, Abraham},
  date   = {2023-09-27},
  title  = {How to Optimize Your CI/CD Pipeline for Maximum Efficiency},
  url    = {https://hackernoon.com/how-to-optimize-your-cicd-pipeline-for-maximum-efficiency},
}

@Comment{jabref-meta: databaseType:biblatex;}
