% Encoding: UTF-8

@Online{King2019,
  author  = {King, Tre},
  date    = {2019-04-17},
  title   = {CI/CD: State-of-the-Art},
  url     = {https://www.linkedin.com/pulse/cicd-state-of-the-art-tre-king/},
  urldate = {2016-09-01},
}

@Online{Dahunsi2023,
  author = {Dahunsi, Abraham},
  date   = {2023-09-27},
  title  = {How to Optimize Your CI/CD Pipeline for Maximum Efficiency},
  url    = {https://hackernoon.com/how-to-optimize-your-cicd-pipeline-for-maximum-efficiency},
}

@Online{Corewave2023,
  author = {Corewave},
  date   = {2023-09-15},
  title  = {Sustainable Development: Incorporating eco-friendly practices and sustainability into software and app development.},
  url    = {https://www.linkedin.com/pulse/sustainable-development-incorporating-eco-friendly-practices/?trk=article-ssr-frontend-pulse_more-articles_related-content-card},
}

@Online{Germain2017,
  author = {Germain, Jack, M.},
  date   = {2017-03-07},
  title  = {Migrating to Linux From Windows Makes for Good Business},
  url    = {https://medium.com/linode-cube/migrating-to-linux-from-windows-makes-for-good-business-d44888af3cec},
}

@Comment{jabref-meta: databaseType:biblatex;}
